%% This BibTeX bibliography file was created using BibDesk.
%% https://bibdesk.sourceforge.io/

%% Saved with string encoding Unicode (UTF-8) 


@article{liakoni2021learning,
  title={Learning in volatile environments with the bayes factor surprise},
  author={Liakoni, Vasiliki and Modirshanechi, Alireza and Gerstner, Wulfram and Brea, Johanni},
  journal={Neural Computation},
  volume={33},
  number={2},
  pages={269--340},
  year={2021},
  publisher={MIT Press One Rogers Street, Cambridge, MA 02142-1209, USA journals-info~…}
}

@article{cardin2019functional,
  title={Functional flexibility in cortical circuits},
  author={Cardin, Jessica A},
  journal={Current opinion in neurobiology},
  volume={58},
  pages={175--180},
  year={2019},
  publisher={Elsevier}
}

@article{jordan2020opposing,
  title={Opposing influence of top-down and bottom-up input on excitatory layer 2/3 neurons in mouse primary visual cortex},
  author={Jordan, Rebecca and Keller, Georg B},
  journal={Neuron},
  volume={108},
  number={6},
  pages={1194--1206},
  year={2020},
  publisher={Elsevier}
}

@article{keller2012sensorimotor,
	Author = {Keller, Georg B and Bonhoeffer, Tobias and H{\"u}bener, Mark},
	Journal = {Neuron},
	Number = {5},
	Pages = {809--815},
	Publisher = {Elsevier},
	Title = {Sensorimotor mismatch signals in primary visual cortex of the behaving mouse},
	Volume = {74},
	Year = {2012}}

@article{keller2009neural,
	Author = {Keller, Georg B and Hahnloser, Richard HR},
	Journal = {Nature},
	Number = {7226},
	Pages = {187},
	Publisher = {Nature Publishing Group},
	Title = {Neural processing of auditory feedback during vocal practice in a songbird},
	Volume = {457},
	Year = {2009}}

@article{eliades2008neural,
	Author = {Eliades, Steven J and Wang, Xiaoqin},
	Journal = {Nature},
	Number = {7198},
	Pages = {1102},
	Publisher = {Nature Publishing Group},
	Title = {Neural substrates of vocalization feedback monitoring in primate auditory cortex},
	Volume = {453},
	Year = {2008}}

@article{ayaz2019layer,
	Author = {Ayaz, Asl{\i} and St{\"a}uble, Andreas and Hamada, Morio and Wulf, Marie-Angela and Saleem, Aman B and Helmchen, Fritjof},
	Journal = {Nature communications},
	Number = {1},
	Pages = {2585},
	Publisher = {Nature Publishing Group},
	Title = {Layer-specific integration of locomotion and sensory information in mouse barrel cortex},
	Volume = {10},
	Year = {2019}}

@article{attinger2017visuomotor,
	Author = {Attinger, Alexander and Wang, Bo and Keller, Georg B},
	Journal = {Cell},
	Number = {7},
	Pages = {1291--1302},
	Publisher = {Elsevier},
	Title = {Visuomotor coupling shapes the functional development of mouse visual cortex},
	Volume = {169},
	Year = {2017}}

@article{rao1999predictive,
	Author = {Rao, Rajesh PN and Ballard, Dana H},
	Journal = {Nature neuroscience},
	Number = {1},
	Pages = {79},
	Publisher = {Nature Publishing Group},
	Title = {Predictive coding in the visual cortex: a functional interpretation of some extra-classical receptive-field effects},
	Volume = {2},
	Year = {1999}}

@article{bastos2012canonical,
	Author = {Bastos, Andre M and Usrey, W Martin and Adams, Rick A and Mangun, George R and Fries, Pascal and Friston, Karl J},
	Journal = {Neuron},
	Number = {4},
	Pages = {695--711},
	Publisher = {Elsevier},
	Title = {Canonical microcircuits for predictive coding},
	Volume = {76},
	Year = {2012}}

@article{pakan2018impact,
  title={The impact of visual cues, reward, and motor feedback on the representation of behaviorally relevant spatial locations in primary visual cortex},
  author={Pakan, Janelle MP and Currie, Stephen P and Fischer, Lukas and Rochefort, Nathalie L},
  journal={Cell reports},
  volume={24},
  number={10},
  pages={2521--2528},
  year={2018},
  publisher={Elsevier}
}

@article{wong2023computational,
  title={Computational principles of adaptive multisensory combination in the Drosophila larva},
  author={Wong, Philip and Braun, Andreas and Malagarriga, Daniel and Moehlis, Jeff and Moreno Bote, Ruben and Pouget, Alexandre and Louis, Matthieu},
  journal={bioRxiv},
  pages={2023--05},
  year={2023},
  publisher={Cold Spring Harbor Laboratory}
}

@article{han2023behavior,
  title={Behavior-relevant top-down cross-modal predictions in mouse neocortex},
  author={Han, Shuting and Helmchen, Fritjof},
  journal={bioRxiv},
  pages={2023--04},
  year={2023},
  publisher={Cold Spring Harbor Laboratory}
}

@article{cole2022prediction,
  title={Prediction error signals in anterior cingulate cortex drive task-switching},
  author={Cole, Nicholas and Harvey, Matthew and Myers-Joseph, Dylan and Gilra, Aditya and KHAN, Adil Ghani},
  journal={bioRxiv},
  pages={2022--11},
  year={2022},
  publisher={Cold Spring Harbor Laboratory}
}

@article{jordan2023locus,
  title={The locus coeruleus broadcasts prediction errors across the cortex to promote sensorimotor plasticity},
  author={Jordan, Rebecca and Keller, Georg B},
  journal={Elife},
  volume={12},
  pages={RP85111},
  year={2023},
  publisher={eLife Sciences Publications Limited}
}

@article{soltani2019adaptive,
  title={Adaptive learning under expected and unexpected uncertainty},
  author={Soltani, Alireza and Izquierdo, Alicia},
  journal={Nature Reviews Neuroscience},
  volume={20},
  number={10},
  pages={635--644},
  year={2019},
  publisher={Nature Publishing Group UK London}
}

@article{kutschireiter2023bayesian,
  title={Bayesian inference in ring attractor networks},
  author={Kutschireiter, Anna and Basnak, Melanie A and Wilson, Rachel I and Drugowitsch, Jan},
  journal={Proceedings of the National Academy of Sciences},
  volume={120},
  number={9},
  pages={e2210622120},
  year={2023},
  publisher={National Acad Sciences}
}

@article{audette2021temporally,
  title={Temporally precise movement-based predictions in the mouse auditory cortex},
  author={Audette, Nicholas J and Zhou, WenXi and Schneider, David M},
  journal={bioRxiv},
  pages={2021--12},
  year={2021},
  publisher={Cold Spring Harbor Laboratory}
}

@article{heindorf2022reduction,
  title={Reduction of Layer 5 Mediated Long-Range Cortical Communication by Antipsychotic Drugs},
  author={Heindorf, Matthias and Keller, Georg B},
  journal={bioRxiv},
  year={2022}
}

@article{leinweber2017sensorimotor,
  title={A sensorimotor circuit in mouse cortex for visual flow predictions},
  author={Leinweber, Marcus and Ward, Daniel R and Sobczak, Jan M and Attinger, Alexander and Keller, Georg B},
  journal={Neuron},
  volume={95},
  number={6},
  pages={1420--1432},
  year={2017},
  publisher={Elsevier}
}

@article{garner2022cortical,
  title={A cortical circuit for audio-visual predictions},
  author={Garner, Aleena R and Keller, Georg B},
  journal={Nature neuroscience},
  volume={25},
  number={1},
  pages={98--105},
  year={2022},
  publisher={Nature Publishing Group US New York}
}

@article{heindorf2018mouse,
  title={Mouse motor cortex coordinates the behavioral response to unpredicted sensory feedback},
  author={Heindorf, Matthias and Arber, Silvia and Keller, Georg B},
  journal={Neuron},
  volume={99},
  number={5},
  pages={1040--1054},
  year={2018},
  publisher={Elsevier}
}

@article{o2022prediction,
  title={Prediction error neurons in mouse cortex are molecularly targetable cell types},
  author={O’Toole, Sean M and Oyibo, Hassana K and Keller, Georg B},
  journal={BioRxiv},
  pages={2022--07},
  year={2022},
  publisher={Cold Spring Harbor Laboratory}
}


@article{lawson2021computational,
  title={The computational, pharmacological, and physiological determinants of sensory learning under uncertainty},
  author={Lawson, Rebecca P and Bisby, James and Nord, Camilla L and Burgess, Neil and Rees, Geraint},
  journal={Current Biology},
  volume={31},
  number={1},
  pages={163--172},
  year={2021},
  publisher={Elsevier}
}

@article{fetsch2012neural,
  title={Neural correlates of reliability-based cue weighting during multisensory integration},
  author={Fetsch, Christopher R and Pouget, Alexandre and DeAngelis, Gregory C and Angelaki, Dora E},
  journal={Nature neuroscience},
  volume={15},
  number={1},
  pages={146--154},
  year={2012},
  publisher={Nature Publishing Group US New York}
}

@article{mukherjee2021thalamic,
  title={Thalamic circuits for independent control of prefrontal signal and noise},
  author={Mukherjee, Arghya and Lam, Norman H and Wimmer, Ralf D and Halassa, Michael M},
  journal={Nature},
  volume={600},
  number={7887},
  pages={100--104},
  year={2021},
  publisher={Nature Publishing Group UK London}
}

@article{herzfeld2014memory,
  title={A memory of errors in sensorimotor learning},
  author={Herzfeld, David J and Vaswani, Pavan A and Marko, Mollie K and Shadmehr, Reza},
  journal={Science},
  volume={345},
  number={6202},
  pages={1349--1353},
  year={2014},
  publisher={American Association for the Advancement of Science}
}

@article{masset2020behavior,
  title={Behavior-and modality-general representation of confidence in orbitofrontal cortex},
  author={Masset, Paul and Ott, Torben and Lak, Armin and Hirokawa, Junya and Kepecs, Adam},
  journal={Cell},
  volume={182},
  number={1},
  pages={112--126},
  year={2020},
  publisher={Elsevier}
}

@article{o2012can,
  title={How can a Bayesian approach inform neuroscience?},
  author={O’Reilly, Jill X and Jbabdi, Saad and Behrens, Timothy EJ},
  journal={European Journal of Neuroscience},
  volume={35},
  number={7},
  pages={1169--1179},
  year={2012},
  publisher={Wiley Online Library}
}

@article{yon2021precision,
  title={Precision and the Bayesian brain},
  author={Yon, Daniel and Frith, Chris D},
  journal={Current Biology},
  volume={31},
  number={17},
  pages={R1026--R1032},
  year={2021},
  publisher={Elsevier}
}

@article{hohwy2020new,
  title={New directions in predictive processing},
  author={Hohwy, Jakob},
  journal={Mind \& Language},
  volume={35},
  number={2},
  pages={209--223},
  year={2020},
  publisher={Wiley Online Library}
}

@article{keller2018predictive,
	Author = {Keller, Georg B and Mrsic-Flogel, Thomas D},
	Journal = {Neuron},
	Number = {2},
	Pages = {424--435},
	Publisher = {Elsevier},
	Title = {Predictive processing: A canonical cortical computation},
	Volume = {100},
	Year = {2018}}

@article{hertag2019amplifying,
	Author = {Hert{\"a}g, Loreen and Sprekeler, Henning},
	Journal = {PLoS computational biology},
	Number = {5},
	Pages = {e1006999},
	Publisher = {Public Library of Science},
	Title = {Amplifying the redistribution of somato-dendritic inhibition by the interplay of three interneuron types},
	Volume = {15},
	Year = {2019}}

@article{hertag2020learning,
  title={Learning prediction error neurons in a canonical interneuron circuit},
  author={Hert{\"a}g, Loreen and Sprekeler, Henning},
  journal={Elife},
  volume={9},
  pages={e57541},
  year={2020},
  publisher={eLife Sciences Publications Limited}
}

